@inproceedings{seq2seq,
 author = {Sutskever, Ilya and Vinyals, Oriol and Le, Quoc V.},
 title = {Sequence to Sequence Learning with Neural Networks},
 booktitle = {Proceedings of the 27th International Conference on Neural Information Processing Systems - Volume 2},
 series = {NIPS'14},
 year = {2014},
}

@inproceedings{transformer,
 author = {Vaswani, Ashish and Shazeer, Noam and Parmar, Niki and Uszkoreit, Jakob and Jones, Llion and Gomez, Aidan N. and Kaiser, \Lukasz and Polosukhin, Illia},
 title = {Attention is All You Need},
 booktitle = {Proceedings of the 31st International Conference on Neural Information Processing Systems},
 series = {NIPS'17},
 year = {2017},
}
@inproceedings{su:2018,
    title={Unsupervised Multi-modal Neural Machine Translation},
    author={Yuanhang Su and Kai Fan and Nguyen Bach and C. -C. Jay Kuo and Fei Huang},
    year={2018},
    booktitle={Computer Vision and Pattern Recognition (CVPR), 2017 IEEE Conference on},
}


@inproceedings{CycleGAN2017,
  title={Unpaired Image-to-Image Translation using Cycle-Consistent Adversarial Networks},
  author={Zhu, Jun-Yan and Park, Taesung and Isola, Phillip and Efros, Alexei A},
  booktitle={Computer Vision (ICCV), 2017 IEEE International Conference on},
  year={2017}
}


@inproceedings{isola2017image,
  title={Image-to-Image Translation with Conditional Adversarial Networks},
  author={Isola, Phillip and Zhu, Jun-Yan and Zhou, Tinghui and Efros, Alexei A},
  booktitle={Computer Vision and Pattern Recognition (CVPR), 2017 IEEE Conference on},
  year={2017}
}

@inproceedings{bleu,
 author = {Papineni, Kishore and Roukos, Salim and Ward, Todd and Zhu, Wei-Jing},
 title = {{BLEU}: A Method for Automatic Evaluation of Machine Translation},
 booktitle = {Proceedings of the 40th Annual Meeting on Association for Computational Linguistics},
 series = {ACL '02},
 year = {2002},
}

@article{bert,
  title={BERT: Pre-training of Deep Bidirectional Transformers for Language Understanding},
  author={Devlin, Jacob and Chang, Ming-Wei and Lee, Kenton and Toutanova, Kristina},
  journal={arXiv preprint arXiv:1810.04805},
  year={2018}
}
@inproceedings{backtrans,
	title = "Improving Neural Machine Translation Models with Monolingual Data",
	author = "Sennrich, Rico  and
	Haddow, Barry  and
	Birch, Alexandra",
	booktitle = "Proceedings of the 54th Annual Meeting of the Association for Computational Linguistics (Volume 1: Long Papers)",
	month = aug,
	year = "2016",
	address = "Berlin, Germany",
	publisher = "Association for Computational Linguistics",
	url = "https://www.aclweb.org/anthology/P16-1009",
	doi = "10.18653/v1/P16-1009",
	pages = "86--96",
}
@misc{googlenmt,
    title={Google's Neural Machine Translation System: Bridging the Gap between Human and Machine Translation},
    author={Yonghui Wu and Mike Schuster and Zhifeng Chen and Quoc V. Le and Mohammad Norouzi and Wolfgang Macherey and Maxim Krikun and Yuan Cao and Qin Gao and Klaus Macherey and Jeff Klingner and Apurva Shah and Melvin Johnson and Xiaobing Liu and ≈Åukasz Kaiser and Stephan Gouws and Yoshikiyo Kato and Taku Kudo and Hideto Kazawa and Keith Stevens and George Kurian and Nishant Patil and Wei Wang and Cliff Young and Jason Smith and Jason Riesa and Alex Rudnick and Oriol Vinyals and Greg Corrado and Macduff Hughes and Jeffrey Dean},
    year={2016},
    eprint={1609.08144},
    archivePrefix={arXiv},
    primaryClass={cs.CL},
    url = {https://arxiv.org/abs/1609.0814},
}

@book{Goodfellow-et-al-2016,
    title={Deep Learning},
    author={Ian Goodfellow and Yoshua Bengio and Aaron Courville},
    publisher={MIT Press},
    note={\url{http://www.deeplearningbook.org}},
    year={2016}
}
@inproceedings{wieting,
	title = "Beyond {BLEU}: Training Neural Machine Translation with Semantic Similarity",
	author = "Wieting, John  and
	Berg-Kirkpatrick, Taylor  and
	Gimpel, Kevin  and
	Neubig, Graham",
	booktitle = "Proceedings of the 57th Annual Meeting of the Association for Computational Linguistics",
	year = "2019",
	address = "Florence, Italy",
	publisher = "Association for Computational Linguistics",
	url = "https://www.aclweb.org/anthology/P19-1427",
	doi = "10.18653/v1/P19-1427",
	pages = "4344--4355",
}
@inproceedings{denkowski,
	title = "Meteor Universal: Language Specific Translation Evaluation for Any Target Language",
	author = "Denkowski, Michael  and
	Lavie, Alon",
	booktitle = "Proceedings of the Ninth Workshop on Statistical Machine Translation",
	year = "2014",
	address = "Baltimore, Maryland, USA",
	publisher = "Association for Computational Linguistics",
	url = "https://www.aclweb.org/anthology/W14-3348",
	doi = "10.3115/v1/W14-3348",
	pages = "376--380",
}